@book{Alves2018,
pages = {95--118},
booktitle = {Ethnozoology},
isbn = {9780128099131},
year = {2018},
title = {The Importance of Hunting in Human Societies},
}

