 @Manual{,
    title = {rredlist: 'IUCN' Red List Client},
    author = {Scott Chamberlain},
    year = {2018},
    note = {R package version 0.5.0},
    url = {https://CRAN.R-project.org/package=rredlist},
  }